
% Journals

% First the Full Name is given, then the abbreviation used in the AMS Math
% Reviews, with an indication if it could not be found there.
% Note the 2nd overwrites the 1st, so swap them if you want the full name.

 %{AMS}
 @String{AMSTrans = "American Mathematical Society Translations" }
 @String{AMSTrans = "Amer. Math. Soc. Transl." }
 @String{BullAMS = "Bulletin of the American Mathematical Society" }
 @String{BullAMS = "Bull. Amer. Math. Soc." }
 @String{ProcAMS = "Proceedings of the American Mathematical Society" }
 @String{ProcAMS = "Proc. Amer. Math. Soc." }
 @String{TransAMS = "Transactions of the American Mathematical Society" }
 @String{TransAMS = "Trans. Amer. Math. Soc." }

 %ACM
 @String{CACM = "Communications of the {ACM}" }
 @String{CACM = "Commun. {ACM}" }
 @String{CompServ = "Comput. Surveys" }
 @String{JACM = "J. ACM" }
 @String{ACMMathSoft = "{ACM} Transactions on Mathematical Software" }
 @String{ACMMathSoft = "{ACM} Trans. Math. Software" }
 @String{SIGNUM = "{ACM} {SIGNUM} Newsletter" }
 @String{SIGNUM = "{ACM} {SIGNUM} Newslett." }

 @String{AmerSocio = "American Journal of Sociology" }
 @String{AmerStatAssoc = "Journal of the American Statistical Association" }
 @String{AmerStatAssoc = "J. Amer. Statist. Assoc." }
 @String{ApplMathComp = "Applied Mathematics and Computation" }
 @String{ApplMathComp = "Appl. Math. Comput." }
 @String{AmerMathMonthly = "American Mathematical Monthly" }
 @String{AmerMathMonthly = "Amer. Math. Monthly" }
 @String{BIT = "{BIT}" }
 @String{BritStatPsych = "British Journal of Mathematical and Statistical
          Psychology" }
 @String{BritStatPsych = "Brit. J. Math. Statist. Psych." }
 @String{CanMathBull = "Canadian Mathematical Bulletin" }
 @String{CanMathBull = "Canad. Math. Bull." }
 @String{CompApplMath = "Journal of Computational and Applied Mathematics" }
 @String{CompApplMath = "J. Comput. Appl. Math." }
 @String{CompPhys = "Journal of Computational Physics" }
 @String{CompPhys = "J. Comput. Phys." }
 @String{CompStruct = "Computers and Structures" }
 @String{CompStruct = "Comput. \& Structures" }
 @String{CompJour = "The Computer Journal" }
 @String{CompJour = "Comput. J." }
 @String{CompSysSci = "Journal of Computer and System Sciences" }
 @String{CompSysSci = "J. Comput. System Sci." }
 @String{Computing = "Computing" }
 @String{ContempMath = "Contemporary Mathematics" }
 @String{ContempMath = "Contemp. Math." }
 @String{Crelle = "Crelle's Journal" }
 @String{GiornaleMath = "Giornale di Mathematiche" }
 @String{GiornaleMath = "Giorn. Mat." } % didn't find in AMS MR., ibid.

 %IEEE
 @String{Computer = "{IEEE} Computer" }
 @String{IEEETransComp = "{IEEE} Transactions on Computers" }
 @String{IEEETransComp = "{IEEE} Trans. Comput." }
 @String{IEEETransAC = "{IEEE} Transactions on Automatic Control" }
 @String{IEEETransAC = "{IEEE} Trans. Automat. Control" }
 @String{IEEESpec = "{IEEE} Spectrum" } % didn't find in AMS MR
 @String{ProcIEEE = "Proceedings of the {IEEE}" }
 @String{ProcIEEE = "Proc. {IEEE}" } % didn't find in AMS MR
 @String{IEEETransAeroElec = "{IEEE} Transactions on Aerospace and Electronic
     Systems" }
 @String{IEEETransAeroElec = "{IEEE} Trans. Aerospace Electron. Systems" }

 @String{IMANumerAna = "{IMA} Journal of Numerical Analysis" }
 @String{IMANumerAna = "{IMA} J. Numer. Anal." }
 @String{InfProcLet = "Information Processing Letters" }
 @String{InfProcLet = "Inform. Process. Lett." }
 @String{InstMathApp = "Journal of the Institute of Mathematics and
     its Applications" }
 @String{InstMathApp = "J. Inst. Math. Appl." }
 @String{IntControl = "International Journal of Control" }
 @String{IntControl = "Internat. J. Control" }
 @String{IntNumerEng = "International Journal for Numerical Methods in
     Engineering" }
 @String{IntNumerEng = "Internat. J. Numer. Methods Engrg." }
 @String{IntSuper = "International Journal of Supercomputing Applications" }
 @String{IntSuper = "Internat. J. Supercomputing Applic." } % didn't find
%% in AMS MR
 @String{Kibernetika = "Kibernetika" }
 @String{JResNatBurStand = "Journal of Research of the National Bureau
     of Standards" }
 @String{JResNatBurStand = "J. Res. Nat. Bur. Standards" }
 @String{LinAlgApp = "Linear Algebra and its Applications" }
 @String{LinAlgApp = "Linear Algebra Appl." }
 @String{MathAnaAppl = "Journal of Mathematical Analysis and Applications" }
 @String{MathAnaAppl = "J. Math. Anal. Appl." }
 @String{MathAnnalen = "Mathematische Annalen" }
 @String{MathAnnalen = "Math. Ann." }
 @String{MathPhys = "Journal of Mathematical Physics" }
 @String{MathPhys = "J. Math. Phys." }
 @String{MathComp = "Mathematics of Computation" }
 @String{MathComp = "Math. Comp." }
 @String{MathScand = "Mathematica Scandinavica" }
 @String{MathScand = "Math. Scand." }
 @String{TablesAidsComp = "Mathematical Tables and Other Aids to Computation" }
 @String{TablesAidsComp = "Math. Tables Aids Comput." }
 @String{NumerMath = "Numerische Mathematik" }
 @String{NumerMath = "Numer. Math." }
 @String{PacificMath = "Pacific Journal of Mathematics" }
 @String{PacificMath = "Pacific J. Math." }
 @String{ParDistComp = "Journal of Parallel and Distributed Computing" }
 @String{ParDistComp = "J. Parallel and Distrib. Comput." } % didn't find
%% in AMS MR
 @String{ParComputing = "Parallel Computing" }
 @String{ParComputing = "Parallel Comput." }
 @String{PhilMag = "Philosophical Magazine" }
 @String{PhilMag = "Philos. Mag." }
 @String{ProcNAS = "Proceedings of the National Academy of Sciences
                    of the USA" }
 @String{ProcNAS = "Proc. Nat. Acad. Sci. U. S. A." }
 @String{Psychometrika = "Psychometrika" }
 @String{QuartMath = "Quarterly Journal of Mathematics, Oxford, Series (2)" }
 @String{QuartMath = "Quart. J. Math. Oxford Ser. (2)" }
 @String{QuartApplMath = "Quarterly of Applied Mathematics" }
 @String{QuartApplMath = "Quart. Appl. Math." }
 @String{RevueInstStat = "Review of the International Statisical Institute" }
 @String{RevueInstStat = "Rev. Inst. Internat. Statist." }

 %SIAM
 @String{JSIAM = "Journal of the Society for Industrial and Applied
     Mathematics" }
 @String{JSIAM = "J. Soc. Indust. Appl. Math." }
 @String{JSIAMB = "Journal of the Society for Industrial and Applied
     Mathematics, Series B, Numerical Analysis" }
 @String{JSIAMB = "J. Soc. Indust. Appl. Math. Ser. B Numer. Anal." }
 @String{SIAMAlgMeth = "{SIAM} Journal on Algebraic and Discrete Methods" }
 @String{SIAMAlgMeth = "{SIAM} J. Algebraic Discrete Methods" }
 @String{SIAMAppMath = "{SIAM} Journal on Applied Mathematics" }
 @String{SIAMAppMath = "{SIAM} J. Appl. Math." }
 @String{SIAMComp = "{SIAM} Journal on Computing" }
 @String{SIAMComp = "{SIAM} J. Comput." }
 @String{SIAMMatrix = "{SIAM} Journal on Matrix Analysis and Applications" }
 @String{SIAMMatrix = "{SIAM} J. Matrix Anal. Appl." }
 @String{SIAMNumAnal = "{SIAM} Journal on Numerical Analysis" }
 @String{SIAMNumAnal = "{SIAM} J. Numer. Anal." }
 @String{SIAMReview = "{SIAM} Review" }
 @String{SIAMReview = "{SIAM} Rev." }
 @String{SIAMSciStat = "{SIAM} Journal on Scientific and Statistical
     Computing" }
 @String{SIAMSciStat = "{SIAM} J. Sci. Statist. Comput." }

 @String{SoftPracExp = "Software Practice and Experience" }
 @String{SoftPracExp = "Software Prac. Experience" } % didn't find in AMS MR
 @String{StatScience = "Statistical Science" }
 @String{StatScience = "Statist. Sci." }
 @String{Techno = "Technometrics" }
 @String{USSRCompMathPhys = "{USSR} Computational Mathematics and Mathematical
     Physics" }
 @String{USSRCompMathPhys = "{U. S. S. R.} Comput. Math. and Math. Phys." }
 @String{VLSICompSys = "Journal of {VLSI} and Computer Systems" }
 @String{VLSICompSys = "J. {VLSI} Comput. Syst." }
 @String{ZAngewMathMech = "Zeitschrift fur Angewandte Mathematik und
     Mechanik" }
 @String{ZAngewMathMech = "Z. Angew. Math. Mech." }
 @String{ZAngewMathPhys = "Zeitschrift fur Angewandte Mathematik und Physik" }
 @String{ZAngewMathPhys = "Z. Angew. Math. Phys." }

% Publishers % ================================================= |

 @String{Academic = "Academic Press" }
 @String{ACMPress = "{ACM} Press" }
 @String{AdamHilger = "Adam Hilger" }
 @String{AddisonWesley = "Addison-Wesley" }
 @String{AllynBacon = "Allyn and Bacon" }
 @String{AMS = "American Mathematical Society" }
 @String{Birkhauser = "Birkha{\"u}ser" }
 @String{CambridgePress = "Cambridge University Press" }
 @String{Chelsea = "Chelsea" }
 @String{ClaredonPress = "Claredon Press" }
 @String{DoverPub = "Dover Publications" }
 @String{Eyolles = "Eyolles" }
 @String{HoltRinehartWinston = "Holt, Rinehart and Winston" }
 @String{Interscience = "Interscience" }
 @String{JohnsHopkinsPress = "The Johns Hopkins University Press" }
 @String{JohnWileySons = "John Wiley and Sons" }
 @String{Macmillan = "Macmillan" }
 @String{MathWorks = "The Math Works Inc." }
 @String{McGrawHill = "McGraw-Hill" }
 @String{NatBurStd = "National Bureau of Standards" }
 @String{NorthHolland = "North-Holland" }
 @String{OxfordPress = "Oxford University Press" }  %address Oxford or London?
 @String{PergamonPress = "Pergamon Press" }
 @String{PlenumPress = "Plenum Press" }
 @String{PrenticeHall = "Prentice-Hall" }
 @String{SIAMPub = "{SIAM} Publications" }
 @String{Springer = "Springer-Verlag" }
 @String{TexasPress = "University of Texas Press" }
 @String{VanNostrand = "Van Nostrand" }
 @String{WHFreeman = "W. H. Freeman and Co." }

%Entries

@article{korolko2018dynamic,
  title={Dynamic pricing and matching in ride-hailing platforms},
  author={Korolko, Nikita and Woodard, Dawn and Yan, Chiwei and Zhu, Helin},
  journal={Available at SSRN},
  year={2018}
}

@article{hall2015effects,
  title={The effects of Uberâ€™s surge pricing: A case study},
  author={Hall, Jonathan and Kendrick, Cory and Nosko, Chris},
  journal={The University of Chicago Booth School of Business},
  year={2015}
}

@inproceedings{castillo2017surge,
  title={Surge pricing solves the wild goose chase},
  author={Castillo, Juan Camilo and Knoepfle, Dan and Weyl, Glen},
  booktitle={Proceedings of the 2017 ACM Conference on Economics and Computation},
  pages={241--242},
  year={2017}
}

@inproceedings{banerjee2015pricing,
  title={Pricing in ride-sharing platforms: A queueing-theoretic approach},
  author={Banerjee, Siddhartha and Johari, Ramesh and Riquelme, Carlos},
  booktitle={Proceedings of the Sixteenth ACM Conference on Economics and Computation},
  pages={639--639},
  year={2015}
}

@article{zha2018geometric,
  title={Geometric matching and spatial pricing in ride-sourcing markets},
  author={Zha, Liteng and Yin, Yafeng and Xu, Zhengtian},
  journal={Transportation Research Part C: Emerging Technologies},
  volume={92},
  pages={58--75},
  year={2018},
  publisher={Elsevier}
}

@inproceedings{tong2018dynamic,
  title={Dynamic pricing in spatial crowdsourcing: A matching-based approach},
  author={Tong, Yongxin and Wang, Libin and Zhou, Zimu and Chen, Lei and Du, Bowen and Ye, Jieping},
  booktitle={Proceedings of the 2018 International Conference on Management of Data},
  pages={773--788},
  year={2018}
}

@article{koch2020route,
  title={Route-based approximate dynamic programming for dynamic pricing in attended home delivery},
  author={Koch, Sebastian and Klein, Robert},
  journal={European Journal of Operational Research},
  year={2020}
}

@article{klein2018model,
  title={A model-based approximation of opportunity cost for dynamic pricing in attended home delivery},
  author={Klein, Robert and Mackert, Jochen and Neugebauer, Michael and Steinhardt, Claudius},
  journal={OR Spectrum},
  volume={40},
  number={4},
  pages={969--996},
  year={2018},
  publisher={Springer}
}

@article{yang2016choice,
  title={Choice-based demand management and vehicle routing in e-fulfillment},
  author={Yang, Xinan and Strauss, Arne K and Currie, Christine SM and Eglese, Richard},
  journal={Transportation science},
  volume={50},
  number={2},
  pages={473--488},
  year={2016},
  publisher={INFORMS}
}

@article{ulmer2020dynamic,
  title={Dynamic pricing and routing for same-day delivery},
  author={Ulmer, Marlin W},
  journal={Transportation Science},
  volume={54},
  number={4},
  pages={1016--1033},
  year={2020},
  publisher={INFORMS}
}

@article{prokhorchuk2019stochastic,
  title={Stochastic Dynamic Pricing for Same-Day Delivery Routing},
  author={Prokhorchuk, Anatolii and Dauwels, Justin and Jaillet, Patrick},
  journal={arXiv preprint arXiv:1912.02946},
  year={2019}
}

@inproceedings{zhang2014optimal,
  title={Optimal real-time bidding for display advertising},
  author={Zhang, Weinan and Yuan, Shuai and Wang, Jun},
  booktitle={Proceedings of the 20th ACM SIGKDD international conference on Knowledge discovery and data mining},
  pages={1077--1086},
  year={2014}
}

@article{sayedi2018real,
  title={Real-time bidding in online display advertising},
  author={Sayedi, Amin},
  journal={Marketing Science},
  volume={37},
  number={4},
  pages={553--568},
  year={2018},
  publisher={INFORMS}
}

@inproceedings{lee2013real,
  title={Real time bid optimization with smooth budget delivery in online advertising},
  author={Lee, Kuang-Chih and Jalali, Ali and Dasdan, Ali},
  booktitle={Proceedings of the Seventh International Workshop on Data Mining for Online Advertising},
  pages={1--9},
  year={2013}
}

@inproceedings{cai2017real,
  title={Real-time bidding by reinforcement learning in display advertising},
  author={Cai, Han and Ren, Kan and Zhang, Weinan and Malialis, Kleanthis and Wang, Jun and Yu, Yong and Guo, Defeng},
  booktitle={Proceedings of the Tenth ACM International Conference on Web Search and Data Mining},
  pages={661--670},
  year={2017}
}

@inproceedings{chen2014dynamic,
  title={A dynamic pricing model for unifying programmatic guarantee and real-time bidding in display advertising},
  author={Chen, Bowei and Yuan, Shuai and Wang, Jun},
  booktitle={Proceedings of the Eighth International Workshop on Data Mining for Online Advertising},
  pages={1--9},
  year={2014}
}

@article{qin2018pareto,
  title={A Pareto optimal mechanism for demand-side platforms in real time bidding advertising markets},
  author={Qin, Rui and Yuan, Yong and Wang, Fei-Yue},
  journal={Information Sciences},
  volume={469},
  pages={119--140},
  year={2018},
  publisher={Elsevier}
}

@inproceedings{yuan2013real,
  title={Real-time bidding for online advertising: measurement and analysis},
  author={Yuan, Shuai and Wang, Jun and Zhao, Xiaoxue},
  booktitle={Proceedings of the Seventh International Workshop on Data Mining for Online Advertising},
  pages={1--8},
  year={2013}
}

@inproceedings{jin2018real,
  title={Real-time bidding with multi-agent reinforcement learning in display advertising},
  author={Jin, Junqi and Song, Chengru and Li, Han and Gai, Kun and Wang, Jun and Zhang, Weinan},
  booktitle={Proceedings of the 27th ACM International Conference on Information and Knowledge Management},
  pages={2193--2201},
  year={2018}
}

@inproceedings{perlich2012bid,
  title={Bid optimizing and inventory scoring in targeted online advertising},
  author={Perlich, Claudia and Dalessandro, Brian and Hook, Rod and Stitelman, Ori and Raeder, Troy and Provost, Foster},
  booktitle={Proceedings of the 18th ACM SIGKDD international conference on Knowledge discovery and data mining},
  pages={804--812},
  year={2012}
}

@article{wang2017ladder,
  title={LADDER: A Human-Level Bidding Agent for Large-Scale Real-Time Online Auctions},
  author={Wang, Yu and Liu, Jiayi and Liu, Yuxiang and Hao, Jun and He, Yang and Hu, Jinghe and Yan, Weipeng P and Li, Mantian},
  journal={arXiv preprint arXiv:1708.05565},
  year={2017}
}

@inproceedings{singer2013pricing,
  title={Pricing mechanisms for crowdsourcing markets},
  author={Singer, Yaron and Mittal, Manas},
  booktitle={Proceedings of the 22nd international conference on World Wide Web},
  pages={1157--1166},
  year={2013}
}

@inproceedings{singla2013truthful,
  title={Truthful incentives in crowdsourcing tasks using regret minimization mechanisms},
  author={Singla, Adish and Krause, Andreas},
  booktitle={Proceedings of the 22nd international conference on World Wide Web},
  pages={1167--1178},
  year={2013}
}

@book{boyd2004convex,
  title={Convex optimization},
  author={Boyd, Stephen and Boyd, Stephen P and Vandenberghe, Lieven},
  year={2004},
  publisher={Cambridge university press}
}

@inproceedings{zhao2019unified,
  title={A Unified Framework for Marketing Budget Allocation},
  author={Zhao, Kui and Hua, Junhao and Yan, Ling and Zhang, Qi and Xu, Huan and Yang, Cheng},
  booktitle={Proceedings of the 25th ACM SIGKDD International Conference on Knowledge Discovery \& Data Mining},
  pages={1820--1830},
  year={2019}
}

@article{dong2009dynamic,
  title={Dynamic pricing and inventory control of substitute products},
  author={Dong, Lingxiu and Kouvelis, Panos and Tian, Zhongjun},
  journal={Manufacturing \& Service Operations Management},
  volume={11},
  number={2},
  pages={317--339},
  year={2009},
  publisher={INFORMS}
}

@article{li2011pricing,
  title={Pricing multiple products with the multinomial logit and nested logit models: Concavity and implications},
  author={Li, Hongmin and Huh, Woonghee Tim},
  journal={Manufacturing \& Service Operations Management},
  volume={13},
  number={4},
  pages={549--563},
  year={2011},
  publisher={INFORMS}
}

@book{wolsey1998integer,
  title={Integer programming},
  author={Wolsey, Laurence A},
  volume={52},
  year={1998},
  publisher={John Wiley \& Sons}
}